@article{thom,
title = "The weak 3-flow conjecture and the weak circular flow conjecture ",
journal = "Journal of Combinatorial Theory, Series B ",
volume = "102",
number = "2",
pages = "521 - 529",
year = "2012",
note = "",
issn = "0095-8956",
doi = "http://dx.doi.org/10.1016/j.jctb.2011.09.003",
url = "http://www.sciencedirect.com/science/article/pii/S0095895611000955",
author = "Carsten Thomassen",
keywords = "Orientations modulo k",
keywords = "Star decomposition",
keywords = "3-Flow conjecture "
}

@Book{GT,
  Title = {Graph Theory},
  Edition = {Third},
  Author = {Reinhard Diestel},
  Publisher = {Springer},
  Year = {1997},
  Number = {173},
  Series = {Graduate Texts in Mathematics},
  Note = {[Chapter 6 in particular]}
}

@Online {OPG,
    author = {Open Problem Garden},
    title  = {3-flow conjecture},
    year   = {2007},
    note   = {\\ \url{http://www.openproblemgarden.org/op/3_flow_conjecture}}
}

@ARTICLE {T1,
    author  = "William Thomas Tutte",
    title   = "A contribution to the theory of chromatic polynomials",
    journal = "Canadian Journal of Mathematics",
    year    = "1954",
    volume  = "6",
    pages   = "80-91"
}

@ARTICLE {T2,
    author  = "William Thomas Tutte",
    title   = "On the algebraic theory of graph colourings",
    journal = "Journal of Combinatorial Theory",
    year    = "1966",
    volume  = "1",
    pages   = "15-50"
}

@UNPUBLISHED {T3,
    author = "William Thomas Tutte",
    title  = "3-Flow Conjecture",
    year = "1972",
    note = "Unpublished"
}

@article{lova,
title = "Nowhere-zero 3-flows and modulo k-orientations ",
journal = "Journal of Combinatorial Theory, Series B ",
volume = "103",
number = "5",
pages = "587 - 598",
year = "2013",
note = "",
issn = "0095-8956",
doi = "http://dx.doi.org/10.1016/j.jctb.2013.06.003",
url = "http://www.sciencedirect.com/science/article/pii/S0095895613000506",
author = "L\'{a}szl\'{o} Mikl\'{o}s Lov\'{a}sz and Carsten Thomassen and Yezhou Wu and Cun-Quan Zhang",
keywords = "Integer flow",
keywords = "3-flow",
keywords = "Tutte orientation",
keywords = "Modulo 3-orientation "
}